@book{narahari2014game,
  title={Game theory and mechanism design},
  author={Narahari, Yadati},
  volume={4},
  year={2014},
  publisher={World Scientific}
}
