@inproceedings{ghemawat2003google,
  title={The Google file system},
  author={Ghemawat, Sanjay and Gobioff, Howard and Leung, Shun-Tak},
  booktitle={Proceedings of the nineteenth ACM symposium on Operating systems principles},
  pages={29--43},
  year={2003}
}

@misc{lecturehdfsvsgfs,
  Author = {Carmel, Yuval},
  Institution = {Tel Aviv University},
  Howpublished = {Advanced Topics in Storage Systems, Lecture Slides},
  Title = {HDFS vs GFS},
  Howpublished = "\url{http://www.eng.tau.ac.il/semcom/2013/Students%20Presentations/GFSVsHDFS%20Yuval%20Carmel.pdf}"
}