@book{brooks2011handbook,
  title={Handbook of markov chain monte carlo},
  author={Brooks, Steve and Gelman, Andrew and Jones, Galin and Meng, Xiao-Li},
  year={2011},
  publisher={CRC press}
}

@article{betancourt2017conceptual,
  title={A conceptual introduction to Hamiltonian Monte Carlo},
  author={Betancourt, Michael},
  journal={arXiv preprint arXiv:1701.02434},
  year={2017}
}

@article{kobilarov2009lie,
  title={Lie group integrators for animation and control of vehicles},
  author={Kobilarov, Marin and Crane, Keenan and Desbrun, Mathieu},
  journal={ACM transactions on Graphics (TOG)},
  volume={28},
  number={2},
  pages={1--14},
  year={2009},
  publisher={ACM New York, NY, USA}
}

