@article{humeIEP, title={David Hume: Causation},
	author={Lorkowski, CM},
	journal={Internet encyclopedia of philosophy},
	year={2010}
}
@InCollection{humeSEP,
	author       =	{Morris, William Edward and Brown, Charlotte R.},
	title        =	{David Hume},
	booktitle    =	{The Stanford Encyclopedia of Philosophy},
	editor       =	{Edward N. Zalta},
	howpublished =	{\url{https://plato.stanford.edu/archives/sum2019/entries/hume/}},
	year         =	{2019},
	edition      =	{Summer 2019},
	publisher    =	{Metaphysics Research Lab, Stanford University}
}
@book{hume2003treatise,
	title={A treatise of human nature},
	author={Hume, David},
	year={2003},
	publisher={Courier Corporation}
}

@incollection{hume2016enquiry,
	title={An enquiry concerning human understanding},
	author={Hume, David},
	booktitle={Seven Masterpieces of Philosophy},
	pages={191--284},
	year={2016},
	publisher={Routledge}
}
@misc{popper1953problem,
	title={The problem of induction},
	author={Popper, KR and Miller, D},
	year={1953}
}
@InCollection{sep-popper,
	author       =	{Thornton, Stephen},
	title        =	{Karl Popper},
	booktitle    =	{The Stanford Encyclopedia of Philosophy},
	editor       =	{Edward N. Zalta},
	howpublished =	{\url{https://plato.stanford.edu/archives/win2019/entries/popper/}},
	year         =	{2019},
	edition      =	{Winter 2019},
	publisher    =	{Metaphysics Research Lab, Stanford University}
}
@InCollection{sep-kant-hume-causality,
	author       =	{De Pierris, Graciela and Friedman, Michael},
	title        =	{Kant and Hume on Causality},
	booktitle    =	{The Stanford Encyclopedia of Philosophy},
	editor       =	{Edward N. Zalta},
	howpublished =	{\url{https://plato.stanford.edu/archives/win2018/entries/kant-hume-causality/}},
	year         =	{2018},
	edition      =	{Winter 2018},
	publisher    =	{Metaphysics Research Lab, Stanford University}
}
@article{yudkowsky2015rationality,
	title={Rationality: from AI to Zombies},
	author={Yudkowsky, Eliezer},
	journal={Machine Intelligence Research Institute, Berkeley},
	year={2015}
}
@InCollection{sep-causal-models,
	author       =	{Hitchcock, Christopher},
	title        =	{Causal Models},
	booktitle    =	{The Stanford Encyclopedia of Philosophy},
	editor       =	{Edward N. Zalta},
	howpublished =	{\url{https://plato.stanford.edu/archives/sum2019/entries/causal-models/}},
	year         =	{2019},
	edition      =	{Summer 2019},
	publisher    =	{Metaphysics Research Lab, Stanford University}
}
@incollection{pearl1994probabilistic,
	title={A probabilistic calculus of actions},
	author={Pearl, Judea},
	booktitle={Uncertainty Proceedings 1994},
	pages={454--462},
	year={1994},
	publisher={Elsevier}
}
@book{jaynes2003probability,
	title={Probability theory: The logic of science},
	author={Jaynes, Edwin T},
	year={2003},
	publisher={Cambridge university press}
}
@InCollection{website-dmytro-sepetyi-karl-hume,
	title={Karl Popper's Solution to the Problem of Induction and Hume's Problem. The Minimalist Conception of Rationality},
	howpublished =	{\url{http://www.geocities.ws/sepety/Hume.htm}},
	author={Sepetyi, Dmytro},
	year={2013}
}

