@article{cheung1993optimal,
  title={An optimal volume ellipsoid algorithm for parameter set estimation},
  author={Cheung, M-F and Yurkovich, Stephen and Passino, Kevin M},
  journal={IEEE Transactions on Automatic Control},
  volume={38},
  number={8},
  pages={1292--1296},
  year={1993},
  publisher={IEEE}
}
